@article{defossez2021hybrid,
  title={Hybrid spectrogram and waveform source separation},
  author={D{\'e}fossez, Alexandre},
  journal={arXiv preprint arXiv:2111.03600},
  year={2021}
}

@article{MUSDB18-HQd,
  title={MUSDB18-HQ - an uncompressed version of MUSDB18 (1.0.0) [Data set]},
  author={Rafii, Z. and Liutkus, A. and Stöter, F.-R. and Mimilakis, S. I. and Bittner, R.},
  url = {https://doi.org/10.5281/zenodo.3338373},
  journal={Zenodo},
  year={2019}
}

@inproceedings{karras2022elucidating,
  title={Elucidating the Design Space of Diffusion-Based Generative Models},
  author={Karras, Tero and Aittala, Miika and Aila, Timo and Laine, Samuli},
  booktitle={Advances in Neural Information Processing Systems},
  year={2022},
  volume={35},
  pages={26565--26577},
  url={https://arxiv.org/abs/2206.00364}
}

@incollection{rafii2013repet,
  author    = {Zafar Rafii and Antoine Liutkus and Bryan Pardo},
  title     = {{REPET for Background/Foreground Separation in Audio}},
  booktitle = {Blind Source Separation},
  editor    = {Ganesh R. Naik and Wenwu Wang},
  pages     = {395--411},
  year      = {2013},
  publisher = {Springer},
  doi       = {10.1007/978-3-642-55016-4_14}
}

@inproceedings{Plaja-Roglans_2022,
  author       = {Genís Plaja-Roglans and Marius Miron and Xavier Serra},
  title        = {A diffusion-inspired training strategy for singing voice extraction in the waveform domain},
  booktitle    = {Proceedings of the 23rd International Society for Music Information Retrieval Conference (ISMIR)},
  year         = {2022},
  pages        = {685--693},
  address      = {Bengaluru, India},
  month        = dec,
  doi          = {10.5281/zenodo.7316754},
}

@manual{torchmetrics_si_sdr_2025,
  title        = {Scale-Invariant Signal-to-Distortion Ratio (SI‑SDR)},
  author       = {{PyTorch Metrics Team}},
  organization = {Lightning AI},
  year         = {2025},
  note         = {Online documentation, version 1.x},
  url          = {https://lightning.ai/docs/torchmetrics/stable/audio/scale_invariant_signal_distortion_ratio.html},
}

@manual{mcfee_librosa_effects_trim_2025,
  title        = {{librosa.effects.trim}: Trim leading and trailing silence from an audio signal},
  author       = {{librosa development team}},
  organization = {librosa},
  address      = {https://librosa.org},
  edition      = {0.11.0},
  year         = {2025},
  url          = {https://librosa.org/doc/latest/generated/librosa.effects.trim.html}
}

@InProceedings{Unet_medical_segmentation,
  author    = {Olaf Ronneberger and Philipp Fischer and Thomas Brox},
  title     = {U‑Net: Convolutional Networks for Biomedical Image Segmentation},
  booktitle = {Medical Image Computing and Computer‑Assisted Intervention (MICCAI)},
  series    = {LNCS},
  volume    = {9351},
  pages     = {234--241},
  year      = {2015},
  publisher = {Springer International Publishing},
  note      = {available on arXiv:1505.04597 [cs.CV]},
  url       = {http://lmb.informatik.uni-freiburg.de/Publications/2015/RFB15a},
}


@article{Demucs,
  title   = {Music Source Separation in the Waveform Domain},
  author  = {Défossez, Antoine and Usunier, Nicolas and Bottou, Léon and Bach, Francis},
  journal = {arXiv preprint arXiv:1911.13254},
  year    = {2019},
  url     = {https://arxiv.org/abs/1911.13254}
}


@techreport{HybridDemucs,
  title       = {Hybrid Spectrogram and Waveform Source Separation},
  author      = {Défossez, Alexandre},
  institution = {CoRR, arXiv:2111.03600},
  type        = {eess.AS, cs.SD, stat.ML},
  number      = {2111.03600},
  version     = {v3},
  year        = {2022},
  month       = aug,
  day         = {30},
  note        = {Revised version of preprint first submitted Nov 5, 2021},
  url         = {https://arxiv.org/abs/2111.03600}
}

@misc{hpss,
  title        = {HPSS: Harmonic‑Percussive Source Separation},
  author       = {{FluCoMa learn authors}},
  howpublished = {\url{https://learn.flucoma.org/reference/hpss/}},
  note         = {Accessed: 2025‑06‑25},
  organization = {Fluid Corpus Manipulation (FluCoMa)},
  year         = {2025}
}


@inproceedings{nnmf,
  title        = {Algorithms for Non-negative Matrix Factorization},
  author       = {Lee, Daniel D. and Seung, H. Sebastian},
  booktitle    = {Advances in Neural Information Processing Systems 13},
  series       = {NIPS’00},
  address      = {Cambridge, MA, USA},
  publisher    = {MIT Press},
  year         = {2000},
  pages        = {535--541},
}


@article{Karchkhadze2024Improving,
  author    = {Tornike Karchkhadze and Mohammad Rasool Izadi and Shuo Zhang},
  title     = {Improving Source Extraction with Diffusion and Consistency Models},
  journal   = {arXiv preprint arXiv:2409.12346},
  year      = {2024},
  url       = {https://arxiv.org/abs/2409.12346} 
}

@inproceedings{zhang2013domain,
  title={Domain adaptation under target and conditional shift},
  author={Zhang, Kun and Sch{\"o}lkopf, Bernhard and Muandet, Krikamol and Wang, Zhen},
  booktitle={Proceedings of the 30th International Conference on Machine Learning (ICML)},
  volume={28},
  number={3},
  pages={819--827},
  year={2013},
  organization={PMLR}
}

@article{Zang,
  title        = {Training‐Free Multi‐Step Audio Source Separation},
  author       = {Yongyi Zang and Jingyi Li and Qiuqiang Kong},
  journal      = {arXiv preprint arXiv:2505.19534},
  year         = {2025},
  month        = {May},
  note         = {Submitted 26 May 2025},
  url          = {https://arxiv.org/abs/2505.19534},
  doi          = {10.48550/arXiv.2505.19534}
}

@article{Hennequin2020Spleeter,
  title={Spleeter: A Fast and Efficient Music Source Separation Tool with Pre-trained Models},
  author={Hennequin, Romain and Khlif, Anis and Voituret, Felix and Moussallam, Manuel},
  journal={Journal of Open Source Software},
  volume={5},
  number={50},
  pages={2154},
  year={2020},
  doi={10.21105/joss.02154}
}

@article{Luo2019ConvTasNet,
  title={Conv-TasNet: Surpassing Ideal Time--Frequency Masking for Speech Separation},
  author={Luo, Yi and Mesgarani, Nima},
  journal={IEEE/ACM Transactions on Audio, Speech, and Language Processing},
  volume={27},
  number={8},
  pages={1256--1266},
  year={2019},
  doi={10.1109/TASLP.2019.2915167}
}

@inproceedings{rouard2023hybrid,
  title={Hybrid Transformers for Music Source Separation},
  author={Rouard, Simon and Massa, Francisco and D{\'e}fossez, Alexandre},
  booktitle={ICASSP 2023-2023 IEEE International Conference on Acoustics, Speech and Signal Processing (ICASSP)},
  pages={1--5},
  year={2023},
  organization={IEEE},
  doi={10.1109/ICASSP49357.2023.10095242},
  url={https://arxiv.org/abs/2211.08553}
}
